%% This BibTeX bibliography file was created using BibDesk.
%% http://bibdesk.sourceforge.net/


%% Created for Javier Concha at 2012-10-31 10:09:35 -0400 


%% Saved with string encoding Unicode (UTF-8) 



@article{Mustard2001,
	Author = {John F. Mustard and Matthew I. Staid and William J. Fripp},
	Date-Added = {2012-10-31 14:08:41 +0000},
	Date-Modified = {2012-10-31 14:09:20 +0000},
	Doi = {10.1016/S0034-4257(00)00177-2},
	Issn = {0034-4257},
	Journal = {Remote Sensing of Environment},
	Number = {3},
	Pages = {335 - 349},
	Title = {A Semianalytical Approach to the Calibration of AVIRIS Data to Reflectance over Water: Application in a Temperate Estuary},
	Url = {http://www.sciencedirect.com/science/article/pii/S0034425700001772},
	Volume = {75},
	Year = {2001},
	Bdsk-Url-1 = {http://www.sciencedirect.com/science/article/pii/S0034425700001772},
	Bdsk-Url-2 = {http://dx.doi.org/10.1016/S0034-4257(00)00177-2}}

@book{Jensen,
	Author = {John R. Jensen},
	Date-Added = {2012-10-30 23:26:57 +0000},
	Date-Modified = {2012-10-30 23:30:28 +0000},
	Edition = {Second},
	Publisher = {Pearson},
	Title = {Remote Sensing of the Environment: An Earth Resource Perspective},
	Year = {2006}}

@conference{Lesser,
	Author = {M. P. Lesser and Curtis D. Mobley},
	Booktitle = {Coral Reefs},
	Date-Added = {2012-01-04 15:14:40 +0000},
	Date-Modified = {2012-01-04 15:45:36 +0000},
	Journal = {Coral Reefs},
	Number = {26:819-829},
	Publisher = {Springer-Verlag},
	Series = {DOI 10.1007/s00338-007-0271-5},
	Title = {Bathymetry, water optical properties, and benthic classification of coral reefs using hyperspectral remote sensing imagery},
	Year = {2007}}

@article{Mobley,
	Author = {Curtis D. Mobley and Lydia K. Sundman and Curtiss O. Davis and Jeffrey H. Bowles and Trijntje Valerie Downes and Robert A. Leathers and Marcos J. Montes and William Paul Bisset and David D. R. Kohler and Ruth Pamela Reid and Eric M. Louchard and Arthur Gleason},
	Date-Added = {2012-01-04 01:29:15 +0000},
	Date-Modified = {2012-01-04 15:31:15 +0000},
	Journal = {Applied Optics},
	Month = {10 June},
	Number = {17},
	Pages = {3576-3592},
	Title = {Interpretation of hyperspectral remote-sensing imagery by spectrum matching and loop-up tables},
	Volume = {44},
	Year = {2005}}

@book{Schott,
	Address = {New York, NY},
	Author = {John R. Schott},
	Date-Added = {2012-01-04 01:26:39 +0000},
	Date-Modified = {2012-01-04 01:28:22 +0000},
	Publisher = {Oxford University Press},
	Read = {0},
	Title = {Remote Sensing: The Image Chain Approach},
	Year = {1997}}

@phdthesis{Gerace,
	Author = {Aaron Gerace},
	Date-Added = {2011-12-20 23:01:41 +0000},
	Date-Modified = {2011-12-20 23:03:24 +0000},
	Month = {May},
	School = {Rochester Institute of Technology},
	Title = {Demonstrating Landsat's New Potential to Monitor Coastal and Inland Waters},
	Year = {2010}}
