%% This BibTeX bibliography file was created using BibDesk.
%% http://bibdesk.sourceforge.net/


%% Created for Javier Concha at 2012-10-30 23:43:32 -0400 


%% Saved with string encoding Unicode (UTF-8) 



@book{Jensen,
	Author = {John R. Jensen},
	Date-Added = {2012-10-30 23:26:57 +0000},
	Date-Modified = {2012-10-30 23:30:28 +0000},
	Edition = {Second},
	Publisher = {Pearson},
	Title = {Remote Sensing of the Environment: An Earth Resource Perspective},
	Year = {2006}}
